<record><leader>00000cas a2200000 a 4500</leader><controlfield tag="001">8811254</controlfield><controlfield tag="008">820927d17981809ctuwr ne      0    0eng  </controlfield><datafield ind1=" " ind2=" " tag="010"><subfield code="a">sn 82015211 </subfield></datafield><datafield ind1=" " ind2=" " tag="040"><subfield code="a">DLC</subfield><subfield code="b">eng</subfield><subfield code="c">DLC</subfield><subfield code="d">NSD</subfield><subfield code="d">DLC</subfield><subfield code="d">NPX</subfield><subfield code="d">NPV</subfield><subfield code="d">NPX</subfield><subfield code="d">NPV</subfield><subfield code="d">NPA</subfield><subfield code="d">DLC</subfield><subfield code="d">YOX</subfield><subfield code="d">KNP</subfield><subfield code="d">CNW</subfield><subfield code="d">NVK</subfield><subfield code="d">MHN</subfield><subfield code="d">OBN</subfield><subfield code="d">OCL</subfield><subfield code="d">CVF</subfield><subfield code="d">DLC</subfield><subfield code="d">KRTAS</subfield><subfield code="d">CUI</subfield><subfield code="d">DLC</subfield><subfield code="d">OCLCQ</subfield><subfield code="d">OCLCA</subfield><subfield code="d">OCLCF</subfield></datafield><datafield ind1="1" ind2=" " tag="029"><subfield code="a">AU@</subfield><subfield code="b">000020119979</subfield></datafield><datafield ind1=" " ind2=" " tag="042"><subfield code="a">pcc</subfield></datafield><datafield ind1=" " ind2=" " tag="043"><subfield code="a">n-us-ct</subfield></datafield><datafield ind1="0" ind2="0" tag="050"><subfield code="a">Newspaper</subfield></datafield><datafield ind1=" " ind2="4" tag="050"><subfield code="a">AN</subfield></datafield><datafield ind1="0" ind2=" " tag="130"><subfield code="a">Courier (Norwich, Conn.)</subfield></datafield><datafield ind1="1" ind2="4" tag="245"><subfield code="a">The courier.</subfield></datafield><datafield ind1=" " ind2=" " tag="260"><subfield code="a">Norwich [Conn.] :</subfield><subfield code="b">T. Hubbard,</subfield><subfield code="c">1798-1809.</subfield></datafield><datafield ind1=" " ind2=" " tag="300"><subfield code="a">v.</subfield></datafield><datafield ind1=" " ind2=" " tag="310"><subfield code="a">Weekly</subfield></datafield><datafield ind1="0" ind2=" " tag="362"><subfield code="a">Vol. 2, no. 27 (May 31, 1798)-v. 13, no. 18 (Mar. 15, 1809).</subfield></datafield><datafield ind1=" " ind2=" " tag="530"><subfield code="a">Also issued in microform from Readex Microprint Corp.</subfield></datafield><datafield ind1=" " ind2="0" tag="651"><subfield code="a">Norwich (Conn.)</subfield><subfield code="v">Newspapers.</subfield></datafield><datafield ind1=" " ind2="0" tag="651"><subfield code="a">New London (Conn.)</subfield><subfield code="v">Newspapers.</subfield></datafield><datafield ind1=" " ind2="7" tag="655"><subfield code="a">Newspapers.</subfield><subfield code="2">fast</subfield><subfield code="0">(OCoLC)fst01423814</subfield></datafield><datafield ind1=" " ind2="7" tag="651"><subfield code="a">Connecticut</subfield><subfield code="z">New London.</subfield><subfield code="2">fast</subfield><subfield code="0">(OCoLC)fst01205494</subfield></datafield><datafield ind1=" " ind2="7" tag="651"><subfield code="a">Connecticut</subfield><subfield code="z">Norwich.</subfield><subfield code="2">fast</subfield><subfield code="0">(OCoLC)fst01216259</subfield></datafield><datafield ind1=" " ind2=" " tag="752"><subfield code="a">United States</subfield><subfield code="b">Connecticut</subfield><subfield code="c">New London</subfield><subfield code="d">Norwich.</subfield></datafield><datafield ind1="0" ind2="8" tag="776"><subfield code="i">Online version:</subfield><subfield code="t">Courier (Norwich, Conn. : Online)</subfield><subfield code="w">(OCoLC)122258866</subfield></datafield><datafield ind1="0" ind2="0" tag="780"><subfield code="t">Chelsea courier</subfield><subfield code="w">(DLC)sn 84022585</subfield><subfield code="w">(OCoLC)10493258</subfield></datafield><datafield ind1="0" ind2="0" tag="785"><subfield code="t">Norwich courier (Norwich, Conn. : 1809)</subfield><subfield code="w">(DLC)sn 82015194</subfield><subfield code="w">(OCoLC)2265231</subfield></datafield><datafield ind1=" " ind2=" " tag="938"><subfield code="a">Kirtas Technologies, Inc.</subfield><subfield code="b">KRTS</subfield><subfield code="n">736081</subfield></datafield></record>